@article{hennig2012entropy,
  title={Entropy search for information-efficient global optimization},
  author={Hennig, Philipp and Schuler, Christian J},
  journal={Journal of Machine Learning Research},
  volume={13},
  number={Jun},
  pages={1809--1837},
  year={2012}
}

@inproceedings{hernandez2014predictive,
  title={Predictive entropy search for efficient global optimization of black-box functions},
  author={Hern{\'a}ndez-Lobato, Jos{\'e} Miguel and Hoffman, Matthew W and Ghahramani, Zoubin},
  booktitle={Advances in neural information processing systems},
  pages={918--926},
  year={2014}
}

@inproceedings{gunter2014sampling,
  title={Sampling for inference in probabilisktic models with fast Bayesian quadrature},
  author={Gunter, Tom and Osborne, Michael A and Garnett, Roman and Hennig, Philipp and Roberts, Stephen J},
  booktitle={Advances in neural information processing systems},
  pages={2789--2797},
  year={2014}
}


@article{rasmussen2006gaussian,
  title={Gaussian processes for machine learning},
  author={Rasmussen, Carl Edward},
  year={2006},
  publisher={Citeseer}
}

@article{brochu2010tutorial,
  title={A tutorial on Bayesian optimization of expensive cost functions, with application to active user modeling and hierarchical reinforcement learning},
  author={Brochu, Eric and Cora, Vlad M and De Freitas, Nando},
  journal={arXiv preprint arXiv:1012.2599},
  year={2010}
}

@article{bishop2006pattern,
  title={Pattern recognition},
  author={Bishop, Christopher M},
  journal={Machine Learning},
  volume={128},
  year={2006}
}

@article{shahriari2016taking,
  title={Taking the human out of the loop: A review of bayesian optimization},
  author={Shahriari, Bobak and Swersky, Kevin and Wang, Ziyu and Adams, Ryan P and de Freitas, Nando},
  journal={Proceedings of the IEEE},
  volume={104},
  number={1},
  pages={148--175},
  year={2016},
  publisher={IEEE}
}

@book{gregory2005bayesian,
  title={Bayesian Logical Data Analysis for the Physical Sciences: A Comparative Approach with Mathematica{\textregistered} Support},
  author={Gregory, Phil},
  year={2005},
  publisher={Cambridge University Press}
}

@book{mackay2003information,
  title={Information theory, inference and learning algorithms},
  author={MacKay, David JC},
  year={2003},
  publisher={Cambridge university press}
}

@inproceedings{osborne2009gaussian,
  title={Gaussian processes for global optimization},
  author={Osborne, Michael A and Garnett, Roman and Roberts, Stephen J},
  booktitle={3rd international conference on learning and intelligent optimization (LION3)},
  pages={1--15},
  year={2009},
  organization={Citeseer}
}

@inproceedings{huber2008entropy,
  title={On entropy approximation for Gaussian mixture random vectors},
  author={Huber, Marco F and Bailey, Tim and Durrant-Whyte, Hugh and Hanebeck, Uwe D},
  booktitle={Multisensor Fusion and Integration for Intelligent Systems, 2008. MFI 2008. IEEE International Conference on},
  pages={181--188},
  year={2008},
  organization={IEEE}
}

@article{wang2017max,
  title={Max-value Entropy Search for Efficient Bayesian Optimization},
  author={Wang, Zi and Jegelka, Stefanie},
  journal={arXiv preprint arXiv:1703.01968},
  year={2017}
}

@inproceedings{snoek2012practical,
  title={Practical bayesian optimization of machine learning algorithms},
  author={Snoek, Jasper and Larochelle, Hugo and Adams, Ryan P},
  booktitle={Advances in neural information processing systems},
  pages={2951--2959},
  year={2012}
}


@article{kushner1964new,
  title={A new method of locating the maximum point of an arbitrary multipeak curve in the presence of noise},
  author={Kushner, Harold J},
  journal={Journal of Basic Engineering},
  volume={86},
  number={1},
  pages={97--106},
  year={1964},
  publisher={American Society of Mechanical Engineers}
}

@book{dixon1978towards,
  title={Towards global optimisation},
  author={Dixon, Laurence Charles Ward and Szeg{\"o}, Giorgio P},
  year={1978},
  publisher={North-Holland Amsterdam}
}

@book{lizotte2008practical,
  title={Practical bayesian optimization},
  author={Lizotte, Daniel James},
  year={2008},
  publisher={University of Alberta}
}


@inproceedings{cox1992statistical,
  title={A statistical method for global optimization},
  author={Cox, Dennis D and John, Susan},
  booktitle={Systems, Man and Cybernetics, 1992., IEEE International Conference on},
  pages={1241--1246},
  year={1992},
  organization={IEEE}
}

@article{srinivas2009gaussian,
  title={Gaussian process optimization in the bandit setting: No regret and experimental design},
  author={Srinivas, Niranjan and Krause, Andreas and Kakade, Sham M and Seeger, Matthias},
  journal={arXiv preprint arXiv:0912.3995},
  year={2009}
}

@article{mockus1994application,
  title={Application of Bayesian approach to numerical methods of global and stochastic optimization},
  author={Mockus, Jonas},
  journal={Journal of Global Optimization},
  volume={4},
  number={4},
  pages={347--365},
  year={1994},
  publisher={Springer}
}

@article{shahriari2014entropy,
  title={An entropy search portfolio for bayesian optimization},
  author={Shahriari, Bobak and Wang, Ziyu and Hoffman, Matthew W and Bouchard-C{\^o}t{\'e}, Alexandre and de Freitas, Nando},
  journal={arXiv preprint arXiv:1406.4625},
  year={2014}
}

@book{bochner2016lectures,
  title={Lectures on Fourier Integrals.(AM-42)},
  author={Bochner, Salomon},
  volume={42},
  year={2016},
  publisher={Princeton University Press}
}

@article{vanhatalo2011bayesian,
  title={Bayesian modeling with Gaussian processes using the MATLAB toolbox GPstuff},
  author={Vanhatalo, Jarno and Riihim{\"a}ki, Jaakko and Hartikainen, Jouni and Vehtari, Aki},
  journal={submitted. http://becs. aalto. fi/en/research/bayes/gpstuff/GPstuffDoc31. pdf},
  year={2011}
}

@article{jones2001taxonomy,
  title={A taxonomy of global optimization methods based on response surfaces},
  author={Jones, Donald R},
  journal={Journal of global optimization},
  volume={21},
  number={4},
  pages={345--383},
  year={2001},
  publisher={Springer}
}

@inproceedings{rahimi2007random,
  title={Random Features for Large-Scale Kernel Machines.},
  author={Rahimi, Ali and Recht, Benjamin and others},
  booktitle={NIPS},
  volume={3},
  number={4},
  pages={5},
  year={2007}
}

@article{requeimaintegrated,
  title={Integrated Predictive Entropy Search for Bayesian Optimization},
  author={Requeima, James Ryan}
}

@article{jones1998efficient,
  title={Efficient global optimization of expensive black-box functions},
  author={Jones, Donald R and Schonlau, Matthias and Welch, William J},
  journal={Journal of Global optimization},
  volume={13},
  number={4},
  pages={455--492},
  year={1998},
  publisher={Springer}
}